@article{yingfan2021,
  title   = {{Understanding How Dimension Reduction Tools Work: An Empirical Approach to Deciphering t-SNE, UMAP, TriMap, and PaCMAP for Data Visualization}},
  author  = {Yingfan Wang and Haiyang Huang and Cynthia Rudin and Yaron Shaposhnik},
  journal = {Journal of Machine Learning Research},
  year    = {2021},
  volume  = {22},
  number  = {201},
  pages   = {1--73},
  url     = {\url{http://jmlr.org/papers/v22/20-1061.html}.}
}

@misc{lecun1998,
  author = {LeCun, Yann and Cortes, Corinna and Burges, Christopher J. C.},
  title = {{The MNIST Database of Handwritten Digits}},
  year = {1998},
  note = {Accessed: 2025-06-09},
  url = {\url{http://yann.lecun.com/exdb/mnist/}.}
}

@article{amid2019,
  title={{TriMap: Large-scale Dimensionality Reduction Using Triplets}},
  author={Ehsan Amid and Manfred K. Warmuth},
  journal={arXiv preprint arXiv:1910.00204},
  year={2019}
}

@article{moon2019,
  title = {{Visualizing Structure and Transitions in High-Dimensional Biological Data}},
  author = {Kevin R. Moon and David van Dijk and Zheng Wang and Scott A. Gigante and Daniel B. Burkhardt and William S. Chen and Kristina Yim and Antonia van den Elzen and Matthew J. Hirn and Ronald R. Coifman and Natalia B. Ivanova and Guy Wolf and Smita Krishnaswamy},
  journal = {Nature Biotechnology},
  year = {2019},
  volume = {37},
  pages = {1482--1492},
  url = {\url{https://doi.org/10.1038/s41587-019-0336-3}.}
}

@article{leland2018,
  title = {{UMAP: Uniform Manifold Approximation and Projection}},
  author = {Leland McInnes and John Healy and Nathaniel Saul and Lukas Gro\ss{}berger},
  journal = {Journal of Open Source Software},
  year = {2018},
  volume = {3},
  number = {29},
  pages = {861},
  url = {\url{https://doi.org/10.21105/joss.00861}.}
}

@article{laurens2008,
  title = {{Visualizing Data Using t-SNE}},
  author = {Laurens Van Der Maaten and Geoffrey E. Hinton},
  journal = {Journal of Machine Learning Research},
  year = {2008},
  volume = {9},
  number = {11},
  pages = {2579--2605},
  url = {\url{https://api.semanticscholar.org/CorpusID:5855042}.}
}

@article{harisson2024,
  title = {{langevitour: Smooth Interactive Touring of High Dimensions, Demonstrated With scRNA-Seq Data}},
  author = {Harrison, Paul},
  journal = {The R Journal},
  year = {2023},
  volume = {15},
  pages = {206--219},
  url = {\url{https://doi.org/10.32614/RJ-2023-046}.}
}

@Manual{hart2022,
  title = {{detourr: Portable and Performant Tour Animations}},
  author = {Casper Hart and Earo Wang},
  year = {2022},
  note = {R package version 0.1.0},
  url = {\url{https://casperhart.github.io/detourr/}.}
}

@article{lee1980,
	title = {{Two Algorithms For Constructing a Delaunay Triangulation}},
	author = {Lee, D. T. and Schachter, B. J.},
	journal = {International Journal of Computer \& Information Sciences},
	year = {1980},
	volume = {9},
	number = {3},
	pages = {219--242},
	url = {\url{https://doi.org/10.1007/BF00977785}.},
}

@Manual{jesse2015,
  title = {{Rtsne: T-Distributed Stochastic Neighbor Embedding Using Barnes-Hut Implementation}},
  author = {Jesse H. Krijthe},
  year = {2015},
  note = {R package version 0.16},
  url = {\url{https://github.com/jkrijthe/Rtsne}.}
}

@article{johnstone2009,
	title = {{Statistical Challenges of High-Dimensional Data}},
	author = {Johnstone, Iain M. and Titterington, D. Michael},
	journal = {Philosophical Transactions of the Royal Society A: Mathematical, Physical and Engineering Sciences},
	year = {2009},
	volume = {367},
	number = {1906},
	pages = {4237--4253},
	url = {\url{https://royalsocietypublishing.org/doi/abs/10.1098/rsta.2009.0159}.},
}

@article{wickham2015,
	title = {{Visualizing Statistical Models: Removing the Blindfold}},
	author = {Wickham, Hadley and Cook, Dianne and Hofmann, Heike},
	journal = {Statistical Analysis and Data Mining: The ASA Data Science Journal},
	year = {2015},
	volume = {8},
	number = {4},
	pages = {203--225},
	url = {\url{https://onlinelibrary.wiley.com/doi/abs/10.1002/sam.11271}.},
}

@Article{wickham2011,
  title = {{tourr: An R Package For Exploring Multivariate Data With Projections}},
  author = {Hadley Wickham and Dianne Cook and Heike Hofmann and Andreas Buja},
  journal = {Journal of Statistical Software},
  year = {2011},
  volume = {40},
  number = {2},
  pages = {1--18},
  url = {\url{http://www.jstatsoft.org/v40/i02/}.},
}

@article{kruskal1964,
  title={{Nonmetric Multidimensional Scaling: A Numerical Method}},
  author={Kruskal, Joseph B},
  journal={Psychometrika},
  year={1964},
  number={2},
  volume={29},
  pages={115--129},
  url = {\url{https://doi.org/10.1007/BF02289694}.}
}

@article{silva2002,
  title={{Global Versus Local Methods in Nonlinear Dimensionality Reduction}},
  author={Silva, Vin and Tenenbaum, Joshua},
  journal={Advances in Neural Information Processing Systems},
  year={2002},
  volume={15},
  pages = {721--728},
  url = {\url{https://proceedings.neurips.cc/paper_files/paper/2002/file/5d6646aad9bcc0be55b2c82f69750387-Paper.pdf}.}
}

@article{coifman2005,
  title = {{Geometric Diffusions as a Tool for Harmonic Analysis and Structure Definition of Data: Diffusion Maps}},
  author = {R. R. Coifman and S. Lafon and A. B. Lee and M. Maggioni and B. Nadler and F. Warner and S. W. Zucker},
  journal = {Proceedings of the National Academy of Sciences of the United States of America},
  year = {2005},
  volume = {102},
  number = {21},
  pages = {7426--7431},
  url = {\url{https://www.pnas.org/doi/abs/10.1073/pnas.0500334102}.}
}

@article{lee2021,
  title={{A Review of the State-of-the-Art on Tours for Dynamic Visualization of High-Dimensional Data}},
  author={Stuart Lee and Dianne Cook and Natalia da Silva and Ursula Laa and Earo Wang and Nick Spyrison and H. Sherry Zhang},
  journal = {arXiv preprint arXiv:2104.08016},
  year={2021}
}

@article{carr1987,
  title = {{Scatterplot Matrix Techniques for Large N}},
  author = {D. B. Carr and R. J. Littlefield and W. L. Nicholson and J. S. Littlefield},
  journal = {Journal of the American Statistical Association},
  year = {1987},
  volume = {82},
  number = {398},
  pages = {424--436},
  url = {\url{http://www.jstor.org/stable/2289444}.}
}


@Manual{dan2023,
  title = {{hexbin: Hexagonal Binning Routines}},
  author = {Dan Carr and Nicholas Lewin-Koh and Martin Maechler and Deepayan Sarkar},
  year = {2023},
  note = {R package version 1.28.3},
  url = {\url{https://CRAN.R-project.org/package=hexbin}.}
}

@article{chen2024,
	title = {{Directly Selecting Cell-type Marker Genes for Single-cell Clustering Analyses}},
	author = {Zihao Chen and Changhu Wang and Siyuan Huang and Yang Shi and Ruibin Xi},
	journal = {Cell Reports Methods},
	year = {2024},
	volume = {4},
	number = {7},
	pages = {100810},
	url = {\url{https://www.sciencedirect.com/science/article/pii/S2667237524001735}.}
}

@article{laa2022,
  title = {{Burning Sage: Reversing the Curse of Dimensionality in the Visualization of High-Dimensional Data}},
  author = {Ursula Laa and Dianne Cook and Stuart Lee},
  journal = {Journal of Computational and Graphical Statistics},
  year = {2022},
  volume = {31},
  number = {1},
  pages = {40--49},
  url = {\url{https://doi.org/10.1080/10618600.2021.1963264}.}
}

@book{borg2005,
  title = {{Modern Multidimensional Scaling}},
  author = {Borg, Ingwer and Groenen, Patrick J. F.},
  publisher = {Springer},
  address = {New York, NY},
  year = {2005},
  edition = {2nd},
  url = {\url{https://doi.org/10.1007/0-387-28981-X}.}
}


@inbook{jolliffe2011,
	title = {{Principal Component Analysis}},
	author = {Jolliffe, Ian},
	address = {Berlin, Heidelberg},
	booktitle = {International Encyclopedia of Statistical Science},
	year = {2011},
	pages = {1094--1096},
	publisher = {Springer Berlin Heidelberg},
	url = {\url{https://doi.org/10.1007/978-3-642-04898-2_455}.}
}

@article{saeed2018,
  title = {{A Survey on Multidimensional Scaling}},
  author = {Saeed, Nasir and Nam, Haewoon and Haq, Mian Imtiaz Ul and Muhammad Saqib, Dost Bhatti},
  journal = {ACM Comput. Surv.},
  year = {2018},
  number = {3},
  volume = {51},
  url = {\url{https://doi.org/10.1145/3178155}.}
}


@article{joreskog1969,
  title = {{A General Approach to Confirmatory Maximum Likelihood Factor Analysis}},
  author = {J{\"o}reskog, K.  G. },
  journal = {Psychometrika},
  year = {1969},
  number = {2},
  volume = {34},
  pages = {183--202},
  url = {\url{https://doi.org/10.1007/BF02289343}.}
}

@book{brown2015,
  title={{Confirmatory Factor Analysis for Applied Research}},
  author={Brown, Timothy A},
  year={2015},
  publisher={{The Guilford Press}},
  address = {New York, NY, US},
  edition = {2nd}
}

@article{freedman1981,
  title={{On the Histogram as a Density Estimator: L2 Theory}},
  author={David A. Freedman and Persi Diaconis},
  journal={Probability Theory and Related Fields},
  year={1981},
  volume={57},
  pages={453--476},
  url={\url{https://doi.org/10.1007/BF01025868}.}
}

@Article{hadley2019,
  title = {{Welcome to the Tidyverse}},
  author = {Hadley Wickham and Mara Averick and Jennifer Bryan and
    Winston Chang and Lucy D'Agostino McGowan and Romain Fran\c{c}ois and
    Garrett Grolemund and Alex Hayes and Lionel Henry and Jim Hester
    and Max Kuhn and Thomas Lin Pedersen and Evan Miller and Stephan
    Milton Bache and Kirill M\"uller and Jeroen Ooms and David Robinson
    and Dana Paige Seidel and Vitalie Spinu and Kohske Takahashi and
    Davis Vaughan and Claus Wilke and Kara Woo and Hiroaki Yutani},
  journal = {Journal of Open Source Software},
  year = {2019},
  volume = {4},
  number = {43},
  pages = {1686},
  url = {\url{https://doi.org/10.21105/joss.01686}.}
}

@Article{achim2020,
  title = {{colorspace: A Toolbox for Manipulating and Assessing Colors and Palettes}},
  author = {Zeileis, Achim and Fisher, Jason C. and Hornik, Kurt and Ihaka, Ross and McWhite, Claire D. and Murrell, Paul and Stauffer, Reto and Wilke, Claus O.},
  journal = {Journal of Statistical Software},
  year = {2020},
  volume = {96},
  number = {1},
  pages = {1--49},
  url = {\url{https://www.jstatsoft.org/index.php/jss/article/view/v096i01}.}
}

@Manual{tomasz2023,
  title = {{umap: Uniform Manifold Approximation and Projection}},
  author = {Tomasz Konopka},
  year = {2023},
  note = {R package version 0.2.10.0},
  url = {\url{https://CRAN.R-project.org/package=umap}.}
}

@Manual{jjallaire2024,
  title = {{quarto: R Interface to Quarto Markdown Publishing System}},
  author = {JJ Allaire and Christophe Dervieux},
  year = {2024},
  note = {R package version 1.4.4},
  url = {\url{https://CRAN.R-project.org/package=quarto}.},
}

@Manual{thomas2024,
  title = {{patchwork: The Composer of Plots}},
  author = {Thomas Lin Pedersen},
  year = {2024},
  note = {R package version 1.2.0},
  url = {\url{https://CRAN.R-project.org/package=patchwork}.}
}

@Manual{hadley2023,
  title = {{conflicted: An Alternative Conflict Resolution Strategy}},
  author = {Hadley Wickham},
  year = {2023},
  note = {R package version 1.2.0},
  url = {\url{https://CRAN.R-project.org/package=conflicted}.}
}

@Manual{kevin2024,
  title = {{reticulate: Interface to Python}},
  author = {Kevin Ushey and JJ Allaire and Yuan Tang},
  year = {2024},
  note = {R package version 1.38.0},
  url = {\url{https://CRAN.R-project.org/package=reticulate}.}
}

@Manual{hao2024,
  title = {{kableExtra: Construct Complex Table with kable and Pipe Syntax}},
  author = {Hao Zhu},
  year = {2024},
  note = {R package version 1.4.0},
  URL = {\url{https://CRAN.R-project.org/package=kableExtra}.},
}

@article{xia2023,
	title = {{scDEED: A Statistical Method for Detecting Dubious 2D Single-cell Embeddings}},
	author = {Xia, Lucy and Lee, Christy and Li, Jingyi Jessica},
	journal = {bioRxiv},
	year = {2023},
	url = {\url{https://www.biorxiv.org/content/early/2023/04/25/2023.04.21.537839}.}
}

@article{haque2017,
  title = {{A Practical Guide to Single-cell RNA-sequencing for Biomedical Research and Clinical Applications}},
  author = {Haque, Ashraful and Engel, Jessica and Teichmann, Sarah A and L\"onnberg, Tapio},
  journal = {Genome Medicine},
  year = {2017},
  volume = {9},
  pages = {75},
  number = {1},
  url = {\url{https://doi.org/10.1186/s13073-017-0467-4}.}
}

@Manual{alb2024,
  title = {{interp: Interpolation Methods}},
  author = {Albrecht Gebhardt and Roger Bivand and David Sinclair},
  year = {2024},
  note = {R package version 1.1-6},
  url = {\url{https://CRAN.R-project.org/package=interp}.}
}

@article{barber1996,
  title = {{The Quickhull Algorithm for Convex Hulls}},
  author = {Barber, C. Bradford and Dobkin, David P. and Huhdanpaa, Hannu},
  journal = {ACM Trans. Math. Softw.},
  year = {1996},
  volume = {22},
  number = {4},
  pages = {469–-483},
  url = {\url{https://doi.org/10.1145/235815.235821}.}
}

@Manual{stephane2023,
  title = {{cxhull: Convex Hull}},
  author = {St\'ephane Laurent},
  year = {2023},
  note = {R package version 0.7.4},
  url = {\url{https://github.com/stla/cxhull}.}
}

@misc{pbmc2019,
  title = {{3k PBMCs from a Healthy Donor, Universal 3' Gene Expression dataset analysed using Cell Ranger 1.1.0}},
  author = {10x Genomics},
  year = {2016},
  note = {Accessed: 2025-06-09},
  url = {\url{https://www.10xgenomics.com/datasets/3-k-pbm-cs-from-a-healthy-donor-1-standard-1-1-0}.}
}


